@misc{jaxa_cansat,
  author       = {{Japan Aerospace Exploration Agency}},
  title        = {What is CanSat?},
  year         = {2003},
  note         = {\url{https://stage.tksc.jaxa.jp/taurus/member/miyazaki/old/e/CanSat.html}},
  howpublished = {\url{https://stage.tksc.jaxa.jp/taurus/member/miyazaki/old/e/CanSat.html}},
}

@misc{esa_cansat2024,
  author       = {{European Space Agency}},
  title        = {Build your can-sized satellite with CanSat 2024--2025},
  year         = {2024},
  howpublished = {ESA Education},
  note         = {\url{https://www.esa.int/Education/Teachers_Corner/Build_your_can-sized_satellite_with_CanSat_2024-2025}},
}

@misc{researchgate_cansat2018,
  author       = {{ResearchGate}},
  title        = {Atmospheric Data Measurement using Can-Sat and Data Logging in Ground Station - Scientific Figure on ResearchGate},
  year         = {2018},
  howpublished = {\url{https://www.researchgate.net/figure/A-typical-CanSat-1_fig1_326505110}},
}

@misc{cansatcompetition2025,
  author       = {{American CanSat Competition}},
  title        = {CanSat Competition — Design-Build‑Fly Aerospace Challenges},
  year         = {2025},
  howpublished = {Electronic resource, official website},
}

@misc{american_astronautical_society2025,
  author       = {{American Astronautical Society}},
  title        = {American Astronautical Society ‒ Advancing Space Science and Exploration},
  year         = {2025},
  howpublished = {Electronic resource, sitio oficial},
}

@misc{esa_cansat2025,
  author       = {{European Cansat Competition}},
  title        = {CanSat – European Space Agency},
  year         = {2025},
  howpublished = {Electronic resource, ESA Education},
}

@misc{esa2025,
  author       = {{European Space Agency}},
  title        = {European Space Agency (ESA)},
  year         = {2025},
  howpublished = {Sitio web institucional},
}

@misc{serialplot,
  author = {SerialPlot},
  title        = {SerialPlot - Real-time Plotting Software},
  howpublished = {\url{https://docs.arduino.cc/software/ide-v2/tutorials/ide-v2-serial-plotter/}},
}


@misc{pyqtgraph,
  author = {PyQtGraph},
  title        = {PyQtGraph - Scientific Graphics and GUI Library for Python},
  howpublished = {\url{http://www.pyqtgraph.org/}},
}

@misc{tkinter,
  author = {Tkinter},
  title        = {Tkinter — Python interface to Tcl/Tk},
  howpublished = {\url{https://docs.python.org/3/library/tkinter.html}},
}

@misc{excel,
  author  = {Microsoft Excel},
  title        = {Microsoft Excel},
  howpublished = {\url{https://www.microsoft.com/en-us/microsoft-365/excel}},
}

@misc{googlesheets,
  author        = {Google Sheets},
  title        = {Google Sheets},
  howpublished = {\url{https://www.google.com/sheets/about/}},
}

@misc{labview,
  author       = {{LabVIEW National Instruments}},
  title        = {LabVIEW System Design Software},
  howpublished = {\url{https://www.ni.com/en-us/shop/labview.html}},
}

@misc{matplotlib,
  author       = {John D. Hunter},
  title        = {Matplotlib: A 2D Graphics Environment},
  howpublished = {\url{https://matplotlib.org/}},
  year         = {2003},
  note         = {Accedido en julio de 2025}
}

@article{lora2015overview,
  title={LoRa: Long Range, Low Power Wireless Platform},
  author={Semtech Corporation},
  journal={White Paper},
  year={2015},
  url={https://www.semtech.com/uploads/documents/Lora_Technology_Overview.pdf}
}

@misc{xbee,
  author = {Digi International},
  title = {XBee RF Modules},
  year = {2024},
  howpublished = {\url{https://www.digi.com/xbee}},
}

@misc{raspberrypi_zero2,
  author       = {{Raspberry Pi Zero 2 W}},
  title        = {{Raspberry Pi Zero 2 W}},
  howpublished = {\url{https://www.raspberrypi.com/products/raspberry-pi-zero-2-w/}},
}

@misc{raspberrypi_foundation,
  author       = {{Raspberry Pi Foundation}},
  title        = {{Raspberry Pi Foundation - Official Website}},
  howpublished = {\url{https://www.raspberrypi.org/}},
}

@misc{esp32,
  author       = {ESP32},
  title        = {ESP32 Series Datasheet},
  howpublished = {\url{https://www.espressif.com/en/products/socs/esp32}},
}

@misc{arduino_nano,
  author = {Arduino Nano},
  title = {Arduino Nano},
  howpublished = {\url{https://store.arduino.cc/products/arduino-nano}},
}

@article{dhaker_spi,
  author    = {Piyu Dhaker},
  title     = {Introduction to SPI Interface},
  journal   = {Analog Dialogue},
  volume    = {52},
  month     = {September},
  year      = {2018},
  publisher = {Analog Devices},
  url       = {https://www.analog.com/en/analog-dialogue/articles/introduction-to-spi-interface.html}
}

@misc{i2c_specification,
  author    = {NXP Semiconductors},
  title     = {UM10204 I²C-bus specification and user manual},
  year      = {2014},
  edition   = {Rev. 6},
  howpublished = {\url{https://www.nxp.com/docs/en/user-guide/UM10204.pdf}},
}

@manual{infineon_uart,
  title     = {Component UART V2.50 - Software Module Datasheet},
  author    = {Infineon Technologies AG},
  year      = {2018},
  url       = {https://www.infineon.com/dgdl/Infineon-Component_UART_V2.50-Software%20Module%20Datasheets-v02_05-EN.pdf}
}

@article{augustin_lora,
  author    = {Alo{\"y}s Augustin and Jiazi Yi and Thomas Clausen and William M. Townsley},
  title     = {A Study of LoRa: Long Range \& Low Power Networks for the Internet of Things},
  journal   = {Sensors},
  year      = {2016},
  volume    = {16},
  number    = {9},
  pages     = {1466--1518},
  doi       = {10.3390/s16091466}
}

@misc{digi_xbee_15_4,
  title = {XBee 802.15.4 RF Module},
  author = {Digi International},
  howpublished = {\url{https://www.digi.com/products/embedded-systems/digi-xbee/rf-modules/2-4-ghz-rf-modules/xbee-802-15-4}},
}

@manual{apc220_datasheet,
  title     = {APC220 Radio Data Module Datasheet},
  author    = {Appcon Technologies},
  year      = {2010},
  url       = {https://microtechtronics.com/wp-content/uploads/APC220.pdf}
}

@misc{skybrary_isa,
  author       = {{Skybrary}},
  title        = {International Standard Atmosphere (ISA)},
  year         = {2021},
  howpublished = {\url{https://skybrary.aero/articles/international-standard-atmosphere-isa}},
}









